@misc{BISON,
  author  = {Unknown},
  title   = {GNU Bison},
  year    = {2023},
  url     = {https://www.gnu.org/software/bison/},
  urldate = {2023-09-20}
}

@misc{Flex,
  author  = {Will Estes},
  title   = {Flex},
  year    = {2023},
  url     = {https://github.com/westes/flex},
  urldate = {2023-09-20}
}

@misc{STACK,
  author  = {Unknown},
  title   = {2023 Developer Survey},
  year    = {2023},
  url     = {https://survey.stackoverflow.co/2023/#overview},
  urldate = {2023-09-20}
}

@misc{RUST,
  author = {Steve Klabnik and Carol Nichols},
  title = {The Rust Programming Language},
  year = {2023},
  url = {https://doc.rust-lang.org/book/},
  urldate = {2023-11-13}
}

@misc{Expr-Lang,
  author = {Unknown},
  title = {Expression-oriented programming language},
  year = {2023},
  url = {https://en.wikipedia.org/wiki/Expression-oriented_programming_language}, 
  urldate = {2023-11-21}
}

@misc{LLVMTutorial,
  author  = {LLVM.org},
  title   = {Kaleidoscope: Implementing a Language with LLVM},
  year    = {},
  url     = {https://llvm.org/docs/tutorial/index.html},
  urldate = {2023-11-20}
}
