@misc{BISON,
  author  = {Unknown},
  title   = {GNU Bison},
  year    = {2023},
  url     = {https://www.gnu.org/software/bison/},
  urldate = {2023-09-20}
}

@misc{Flex,
  author  = {Will Estes},
  title   = {Flex},
  year    = {2023},
  url     = {https://github.com/westes/flex},
  urldate = {2023-09-20}
}

